% Encoding: UTF-8

% Sehr detailiert https://drive.google.com/file/d/1IuaptxQ0pkluKCQ0I-9wfOie3EPU_s5M/view?usp=sharing
@book{nischwitz2019computergrafik,
  title={Computergrafik},
  author={Nischwitz, Alfred and Fischer, Max and Haber{\"a}cker, Peter and Socher, Gudrun},
  year={2019},
  publisher={Springer}
}

% Gute übersicht über WebGl mit kurzer Einführung in die Grundlagen http://www.dominictran.com/pdf/WebGL.Up.and.Running.Aug.2012.Oreilly.pdf
@book{parisi2012webgl,
  title={WebGL: up and running},
  author={Parisi, Tony},
  year={2012},
  publisher={" O'Reilly Media, Inc."}
}

@Comment{jabref-meta: databaseType:biblatex;}
